@BOOK{LambertBook,
  title = {$W$--функция Ламберта и ее применение в математических задачах физики},
  publisher = {ФГУП <<РФЯЦ--ВНИИЭФ>>},
  year = {2006},
  author = {Дубинов, A. Е. and Дубинова, И. Д. and Сайков, К. С.},
  address = {Саров},
  numpages = {160},
  language = {russian},
}

@BOOK{KalitkinBook,
  title = {Численные методы},
  publisher = {<<БХВ--Петербург>>},
  year = {2011},
  author = {Калиткин, Н. Н.},
  address = {Санкт--Петербург},
  numpages = {592},
  language = {russian},
}

