@BOOK{BRLS94,
  title        = {Нарысы па гiсторыi беларуска-рускiх
                  лiтаратурных сувязей: У 4 кн.},
  organization = {Акад.\ навук Беларусi. Iн-т лiт.},
  address      = {Мiнск},
  publisher    = {Навука i тэхнiка},
  year         = {1994},
  volume       = {2: Пачатак ХХ ст. 1900--1917 гг.},
  editor       = {В. А. Каваленка and I. Я. Навуменка},
  pagetotal    = {440},
  language     = {russian},
}
