@BOOK{Grosse80,
  author       = {Гроссе, Э. and Вайсмангель, Х.},
  title        = {Химия для любознательных: Пер.\ с нем.},
  address      = {М.},
  publisher    = {Химия},
  year         = {1980},
  pagetotal    = {392},
  language     = {russian},
}
