@BOOK{GOST7184,
  key          = {ГОСТ},
  title        = {ГОСТ 7.1-84. Библиографическое описание документа.
                  Общие требования и правила составления.
                  --- Взамен ГОСТ 7.1-76~; введ. 01.01.86.},
  address      = {М.},
  publisher    = {Изд-во стандартов},
  year         = {1984},
  pagetotal    = {78},
  language     = {russian},
}
