@INBOOK{Zeyts70,
  author       = {Зейтц, Ф.},
  title        = {О приведении пространственных групп},
  booktitle    = {Симметрия в твердом теле},
  bookauthor   = {Нокс, Р. and Голд, А.},
  address      = {М.},
  publisher    = {Наука},
  year         = {1970},
  pages        = {172--186},
  language     = {russian},
}
