@INBOOK{Ponomarenko79,
  author       = {Пономаренко, Л. А.},
  title        = {Организующая система},
  booktitle    = {Автоматизация технологических процессов
                  в прокатном производстве},
  address      = {М.},
  publisher    = {Металлургия},
  year         = {1979},
  pages        = {141-148},
  language     = {russian},
}
