@INCOLLECTION{Ponoomarenko76,
  author       = {Пономаренко, Л. А.},
  title        = {Структура системы прерывания с ситуационными
                  приоритетами в АСУТП станов горячей прокатки},
  booktitle    = {Разработка автоматизированных систем управления
                  технологическими процессами},
  address      = {Тбилиси},
  publisher    = {Сабчота Сакартвело},
  year         = {1976},
  pages        = {3-16},
  language     = {russian},
}
