@ARTICLE{Malikov92,
  author       = {Меликов, А. З. and Пономаренко, Л. А.},
  title        = {Оптимизация цифровой сети интегрального обслуживания
                  с конечным числом пользователей и блокировками},
  journal      = {Автоматика и телемеханика},
  year         = {1992},
  number       = {6},
  pages        = {34-38},
  language     = {russian},
}
