@INBOOK{Dolmatovskiy88,
  author       = {Долматовский, Ю. А.},
  title        = {Электромобиль},
  booktitle    = {БСЭ},
  edition      = {3-е},
  address      = {М.},
  year         = {1988},
  volume       = {30},
  pages        = {72},
  language     = {russian},
}
