@DOCTHESIS{KIA95-default,
  author       = {Котельников, Игорь Александрович},
  title        = {Теория магнитного удержания двухкомпонентной плазмы
                  в открытых ловушках},
  number       = {01.04.08},
  institution  = {Ин-т ядерной физики им.\ Г.~И. Будкера СО РАН},
  address      = {Новосибирск},
  year         = {1995},
  pagetotal    = {350},
  language     = {russian},
}
