@PHDTHESIS{Luus82,
  author       = {Луус, Роман  Аркадьевич},
  title        = {Исследование оборудования с пневмовакуумным
                  приводом для захвата, перемещения и фиксации
                  при обработке пористых и легкоповреждаемых
                  строительных изделий},
  type         = {Диссертация на соискание ученой степени кандидата технических наук},
  number       = {05.05.04},
  institution  = {Моск.\ строит.\ ин-т},
  address      = {М.},
  year         = {1982},
  pagetotal    = {212},
  language     = {russian},
}
