@REPORT{Report81b-rep-notype,
  title        = {Проведение испытаний и исследований
                  теплотехнических свойств камер {КХС-2-12-ВЗ}
                  и {КХС-2-12-КЗІО}},
  institution  = {Всесоюзн.\ заочн.\ ин-т пищ.\ пром-ти},
  address      = {М.},
  organization = {ВИНИТИ},
  year         = {1981},
  pagetotal    = {90},
  note         = {Инв.\ № В 119692},
  language     = {russian},
}
