@REPORT{Report81-rep,
  title        = {Проведение испытаний и исследований
                  теплотехнических свойств камер {КХС-2-12-ВЗ}
                  и {КХС-2-12-КЗІО}},
  institution  = {Всесоюзн.\ заочн.\ ин-т пищ.\ пром-ти},
  address      = {М.},
  organization = {ВИНИТИ},
  year         = {1981},
  pagetotal    = {90},
  type         = {Отчет о {НИР}},
  editor       = {Путин, В. В.},
  author       = {Медведев, Д. А. and others},
  note         = {Инв.\ № В 119692},
  language     = {russian},
}
