@BOOK{Instr86,
  title        = {Типовая инструкция по эксплуатации
                  топливоотдачи тепловых электростанций~:
                  ТИ 34-70-044-85~: Утв. Гл. техн. упр.
                  по эксплуатации энергосистем 01.10.85~:
                  Срок действия установлен с 01.01.86 до 01.01.95},
  organization = {М-во энергетики и электрификации СССР},
  address      = {М.},
  year         = {1986},
  pagetotal    = {43},
  language     = {russian},
}
