@ONLINE{phys:moodle,
  author       = {Черкасский, В. С.},
  title        = {Классная комната},
  howpublished = {Физический факультет},
  organization = {НГУ},
  year         = {2012},
  url          = {http://www.phys.nsu.ru/moodle/},
  urldate      = {16.01.2012},
  language     = {russian},
}
