@ARTICLE{1998PhRvE..57.7111K,
  author       = {{Kinney}, R.~M. and {McWilliams}, J.~C.},
  title        = {{Turbulent cascades in anisotropic magnetohydrodynamics}},
  journal      = pre,
  keywords     = {Plasma turbulence, Magnetohydrodynamic and fluid equation},
  year         = {1998},
  month        = jun,
  volume       = {57},
  pages        = {7111-7121},
  doi          = {10.1103/PhysRevE.57.7111},
  adsurl       = {http://adsabs.harvard.edu/abs/1998PhRvE..57.7111K},
  adsnote      = {Provided by the SAO/NASA Astrophysics Data System},
}

@ARTICLE{1998UFN,
  author       = {Котельников, И. А. and Астрелин, В. Т.},
  title        = {Теория плазменного эмиттера положительных ионов},
  journal      = ufn,
  keywords     = {плазменный эмиттер, критерий Бома},
  year         = {2015},
  month        = jul,
  volume       = {185},
  pages        = {753-771},
  language     = {russian},
  doi          = {10.3367/UFNr.0185.201507c.0753},
  url          = {http://ufn.ru/ru/articles/2015/7/c/},
}
