@BOOK{Afanasyev92,
  author       = {Афанасьев, В. В. and Василевский, О. Н.},
  title        = {Расчеты электрических цепей
                  на программируемых микрокалькуляторах},
  address      = {М.},
  publisher    = {Энергоиздат},
  year         = {1992},
  pagetotal    = {190},
  language     = {russian},
}
