@BOOK{Ponomarenko86,
  title        = {Основы создания гибких атоматизированных производств},
  author       = {Л. А. Пономаренко and Л. В. Адамович
                  and В. Т. Музычук and  А. Е. Гридасов},
  editor       = {Б. Б. Тимофеева},
  address      = {К.},
  publisher    = {Техніка},
  year         = {1986},
  pagetotal    = {144},
  language     = {russian},
}
