@BOOK{Belousova81,
  title        = {Системный анализ инфраструктуры
                  как элемент народного хозяйства},
  author       = {Белоусова, Н. И. and Вишняк, Е. И.
                  and Левит, В. Ю. and others},
  address      = {М.},
  publisher    = {Экономика},
  year         = {1981},
  pagetotal    = {62},
  language     = {russian},
}
