@BOOK{Poems82,
  title        = {Стихи о музыке. Русские,
                  советские, зарубежные поэты: Сборник},
  compiler     = {А. Бирюкова and В. Татаринов},
  address      = {М.},
  publisher    = {Сов. композитор},
  year         = {1982},
  pagetotal    = {224},
  language     = {russian},
}
