@BOOK{HistLit82,
  title        = {История русской литературы: В 4 т.},
  organization = {АН СССР, Ин-т рус.~лит.\ (Пушкин.дом)},
  address      = {М.},
  year         = {1982},
  volume       = {3: Расцвет реализма},
  pagetotal    = {876},
  language     = {russian},
}
