@BOOK{Landau:eldin,
  author       = {Л. Д. Ландау and Е. М. Лифшиц},
  title        = {Теоретическая физика: учебное пособие в 10 т.},
  publisher    = {Наука. Гл.\ ред.\ физ.-мат.\ лит.},
  address      = {М.},
  year         = {1992},
  volume       = {VIII. Электродинамика сплошных сред},
  edition      = {3-е, испр.},
  language     = {russian},
}
