@ARTICLE{dixit.pindyck:options,
  title        = {The Options Approach to Capital Investment},
  author       = {Avinash K. Dixit and Robert S. Pindyck},
  journal      = {Harvard Business Review},
  year         = {1995},
  month        = {May-June},
  pages        = {105--115},
}
