@ARTICLE{Ponomarenko86a,
  author       = {Пономаренко, Л. А. and Меликов, А. З.},
  title        = {Ситуационное управление многоканальной системой
                  с переменной структурой обслуживания неоднородного потока},
  journal      = {Изв.\ АН Азерб.\ Респ. Сер.\ физ.-техн.\ и мат.\ наук},
  year         = {1986},
  volume       = {7},
  number       = {6},
  pages        = {79-83},
  language     = {russian},
}
