@ARTICLE{RosGaz-article,
  title        = {Федеральный закон о внесении изменений
                  и дополнений в Семейный кодекс Российской Федерации},
  journal      = {Российская газета},
  year         = {1997},
  month        = {19 нояб},
  pages        = {4},
  note         = {Российская Федерация. Законы},
  language     = {russian},
}
