@INPROCEEDINGS{Ponomarenko88,
  author       = {Пономаренко, Л. А. and Жучкова, И. В.},
  title        = {Оптимальное назначение приоритетов
                  при организации доступа в локальных
                  вычислительных сетях АСУТП},
  booktitle    = {Труды Междунар.\ конф.\
                  <<Локальные вычислительные сети>> (ЛОКСЕТЬ 88)},
  volume       = {1},
  address      = {Рига},
  publisher    = {ИЭВТ АН Латвии},
  year         = {1988},
  pages        = {149-153},
  language     = {russian},
}
