@INPROCEEDINGS{Gojchuk98,
  author       = {Гойчук, А. Ф.},
  title        = {Особливості етіології і патогенезу поперечного раку
                  дуба звичайного в Україні},
  booktitle    = {Науковий вісник Національного
                  аграрного університету},
  editor       = {Мельничука, Д. О. and others},
  address      = {К.},
  publisher    = {НАУ},
  year         = {1998},
  series       = {Вип. 8: Лісівництво},
  pages        = {168--173},
  language     = {ukrainian},
}

@INPROCEEDINGS{Polyakov98a,
  author       = {М. О. Поляков},
  title        = {Системний ефект агрегування лісосік в управлінні
                  лісовими ресурсами на регіональному рівні},
  crossref     = {Gojchuk98},
  annote       = {Розглянуто ефект агрегування елементарних
                  господарських одиниць на розмір розрахункової лісосіки.
                  Запропоновано метод визначення максимально допустимого розміру
                  рубання за площею на рівні регіону в контексті системи
                  державного регулювання лісокористування для умов ринкової
                  економіки},
  pages        = {213--220},
}
