@INPROCEEDINGS{TranskSpivrob99:Purich,
  author       = {Пурич, Штефан},
  title        = {{Р}умынско-{У}краинское трансграничное сотрудничество:
                  проблемы  и перспективы},
  language     = {russian},
  booktitle    = {Транскордонне співробітництво у поліетнічних регіонах
                  {С}хідної та {П}івденно-{С}хідної {Є}вропи: {М}атеріали наукового
                  симпозіуму},
  editor       = {Макара, Ю.},
  address      = {Чернівці},
  publisher    = {Золоті литаври},
  organization = {Буковинський політологічний центр},
  year         = {1999},
  pagetotal    = {196},
  booklanguage = {ukrainian},
}
