@MASTERSTHESIS{mastersthesis-minimal,
  title        = {Mastering Thesis Writing},
  author       = {{\'{E}}douard Masterly},
  year         = {1988},
  institution  = {Stanford University},
}

@MASTERSTHESIS{mastersthesis-full,
  title        = {Mastering Thesis Writing},
  author       = {{\'{E}}douard Masterly},
  month        = jun,
  note         = {This is a full MASTERSTHESIS entry},
  type         = {Master's project},
  year         = {1988},
  address      = {English Department},
  institution  = {Stanford University},
}
