@MISC{EXFOR,
  author       = {IAEA},
  title        = {{EXFOR}---Experimental Nuclear Reaction Data },
  url          = {http://www-nds.iaea.org/exfor},
  address      = {P.O. Box 100, Wagramer Strasse 5, A-1400 Vienna, Austria},
  year         = {2012},
  media        = {eresource}
}
