@BOOK{Encyclopedia,
  title        = {Художественная энциклопедия зарубежного классического искусства},
  publisher    = {Большая Рос. энцикл.},
  year         = {1996},
  address      = {М.},
  note         = {1 электрон. опт. диск (CD-ROM)},
  language     = {russian},
  media        = {eresource},
}

@ARTICLE{Nasirova,
  title        = {Модели государственного регулирования страховой деятельности},
  author       = {Насырова, Г. А.},
  language     = {russian},
  note         = {Режим доступа: http://vestnik.fa.ru/4(28)2003/4.html},
  number       = {4},
  year         = {2003},
  journal      = {Вестник Финансовой академии},
  media2       = {eresource},
  media        = {online},
}

@BOOK{kremlincd,
  title        = {Московский Кремль},
  titleaddon   = {трехмер. путеводитель},
  language     = {russian},
  note         = {CD-ROM},
  date         = {2007},
  location     = {М.},
  publisher    = {Новый Диск},
  media        = {eresource},
}
