@PATENT{patent1,
  	author      = {Э. В. Тернер},
  	authorcountry   = {США},
  	title       = {Одноразовая ракета-носитель},
  	media       = {text},
  	type        = {заявка},
  	number      = {1095735},
  	location    = {Рос. Федерация},
  	ipc         = {МПК\ensuremath{^7} B 64 G 1/00},
  	holder      = {заявитель Спейс Системз/Лорал, инк.},
  	credits     = {патент. поверенный Егорова Г. Б.},
  	requestnumber   = {000108705/28},
  	requestdate = {07.04.2000},
  	publicationdate = {10.03.2001},
  	publication = {Бюл. № 7 (I ч.)},
  	prioritydate= {09.04.1999},
  	prioritynumber  = {09/289, 037},
  	prioritycountry = {США},
        pagetotal   = {5 с.~: ил.},
  	language    = {russian},
}

@PATENT{patent2,
  	author      = {В. И. Чугаева},
  	authorcountry   = {РФ},
  	title       = {Приемопередающее устройство},
  	media       = {text},
  	type        = {пат.},
  	number      = {2000131736/09},
  	location    = {Рос. Федерация},
  	ipc         = {МПК\ensuremath{^7} H 04 В 1/38, Н 04 J 13/00},
  	holder      = {заявитель и патентообладатель Воронеж. науч.-ислед. ин-т связи.},
  	credits     = {патент. поверенный Егорова Г. Б.},
  	requestnumber   = {000108705/28},
  	date        = {18.12.2000},
  	publicationdate = {20.08.2002},
  	publication = {Бюл. № 23 (II ч.)},
        pagetotal   = {2 с.~: ил.},
  	language    = {russian},
}
